@article{Yabe1991,
author = {Yabe, Takashi and Aoki, Takayuki and Sakaguchi, Gyo and Wang, PY and Ishikawa, Takeo},
doi = {10.1016/0045-7930(91)90067-R},
issn = {00457930},
journal = {Computers \& Fluids},
month = jan,
number = {3-4},
pages = {421--431},
title = {The compact CIP (Cubic-Interpolated Pseudo-particle) method as a general hyperbolic solver},
volume = {19},
year = {1991}
}
@article{Yabe2004,
author = {Yabe, Takashi and Mizoe, Hiroki and Takizawa, Kenji and Moriki, Hiroshi and Im, Hyo-Nam and Ogata, Youichi},
doi = {10.1016/j.jcp.2003.08.019},
issn = {00219991},
journal = {Journal of Computational Physics},
keywords = {curvilinear coordinate,mesh free,numerical algorithm,semi-lagrangian schemes,third-order scheme},
month = feb,
number = {1},
pages = {57--77},
title = {Higher-order schemes with CIP method and adaptive Soroban grid towards mesh-free scheme},
volume = {194},
year = {2004}
}
@article{Yabe2001,
author = {Yabe, Takashi and Xiao, Feng and Utsumi, Takayuki},
doi = {10.1006/jcph.2000.6625},
issn = {00219991},
journal = {Journal of Computational Physics},
keywords = {fluid dynamics,interface capturing,mass conservation,multiphase flows,numerical algorithm,rheological,semi-lagrangian schemes,surface tension},
month = may,
number = {2},
pages = {556--593},
title = {The Constrained Interpolation Profile Method for Multiphase Analysis},
volume = {169},
year = {2001}
}
@article{Khol2006,
author = {Холодов, А. С. and Холодов, Я. А.},
journal = {Журнал вычислительной математики и математическкой физики},
number = {9},
pages = {1638--1667},
title = {О критериях монотонности разностных схем для уравнений гиперболического типа},
volume = {46},
year = {2006}
}
@article{Magometov-Kholodov-1969,
 author    = {Магомедов, К. М. and Холодов, А. С.},
 title     = {О построении разностных схем для уравнений гиперболического типа на основе характеристических соотношений},
 publisher = {Наука},
 year      = {1969},
 address   = {Москва},
 language  = {russian},
 journal   = {Журнал вычислительной математики и математической физики},
 number    = {2},
 pages     = {373--386},
 volume    = {9}
}
@article{Balsara2000,
author = {Balsara, Dinshaw S. and Shu, Chi-Wang},
doi = {10.1006/jcph.2000.6443},
issn = {00219991},
journal = {Journal of Computational Physics},
month = may,
number = {2},
pages = {405--452},
title = {Monotonicity Preserving Weighted Essentially Non-oscillatory Schemes with Increasingly High Order of Accuracy},
volume = {160},
year = {2000}
}
@article{Jiang1995,
author = {Jiang, GS and Shu, CW},
number = {126},
pages = {202--228},
journal = {Journal of Computational Physics},
title = {Efficient implementation of weighted ENO schemes.},
volume = {228},
year = {1995}
}
@article{Suresh1997,
author = {Suresh, A. and Huynh, H.T.},
doi = {10.1006/jcph.1997.5745},
issn = {00219991},
journal = {Journal of Computational Physics},
month = sep,
number = {1},
pages = {83--99},
title = {Accurate Monotonicity-Preserving Schemes with Runge-Kutta Time Stepping},
volume = {136},
year = {1997}
}
@article{Courant1949,
author = {Courant, Richard and Lax, Peter},
doi = {10.1002/cpa.3160020206},
issn = {00103640},
journal = {Communications on Pure and Applied Mathematics},
month = jun,
number = {2-3},
pages = {255--273},
title = {On nonlinear partial differential equations with two independent variables},
volume = {2},
year = {1949}
}
@book{Tolstih1990,
author = {Толстых, А. И.},
pages = {230},
publisher = {Наука},
address = {Москва},
year = {1990},
title = {Компактные разностные схемы и их применение в задачах аэрогидродинамики}
}
@article{Rogov2011,
author = {Рогов, Б. В. and Михайловская, Маргарита Николаевна},
journal = {Математическое моделирование},
keywords = {bicompact difference schemes,monotonicity,transport equation,линейного уравнения переноса,монотонные бикомпактные схемы для},
number = {6},
pages = {98--110},
title = {Монотонные бикомпактные схемы для линейного уравнения переноса},
volume = {23},
year = {2011}
}
@article{Grudn1977,
  title={Один прием построения разностных схем с произвольным порядком аппроксимации дифференциальных уравнений в частных производных},
  author={Грудницкий, В. Г. and Прохорчук, Ю. А.},
  journal={Докл. АН СССР},
  volume={234},
  number={6},
  pages={1249--1252},
  year={1977}
}
@book{Yanenko1978,
  title={Системы квазилинейных уравнений и их приложения к газовой динамике},
  author={Рождественский, Б.Л. and Яненко, Н.Н.},
  year={1978},
  publisher={Наука, Глав. ред. физико-математической лит-ры}
}

@article{petrov1984,
  title={О регуляризации разрывных численных решений уравнений гиперболического типа},
  author={Петров, Игорь Борисович and Холодов, Александр Сергеевич},
  journal={Журнал вычислительной математики и математической физики},
  volume={24},
  number={8},
  pages={1172--1188},
  year={1984},
  publisher={Российская академия наук, Отделение математических наук}
}
@article{van1979,
  title={Towards the ultimate conservative difference scheme. V. A second-order sequel to Godunov's method},
  author={Van Leer, Bram},
  journal={Journal of computational Physics},
  volume={32},
  number={1},
  pages={101--136},
  year={1979},
  publisher={Elsevier}
}
@book{Kholodov2008,
author = {Холодов,~А.~C.},
pages = {658},
publisher = {Янус-К},
address = {Москва},
year = {2008},
title = {Энциклопедия низкотемпературной плазмы.~Т.~VII-1.~Ч.~2.}
}
@article{Khokhlov_NEW,
  title={Моделирование сейсмических явлений сеточно-характеристическим методом},
  author={Петров, И. Б. and Хохлов, Н. И.},
  journal={Труды МФТИ},
  volume={3},
  number={3},
  pages={159--167},
  year={2011}
}
@article{Kholodov1990,
  title={Расчёт динамического деформирования и разрушения упругопластических тел сеточно-характеристическими методами},
  author={Иванов, В. Д. and Кондауров, В. И. and Петров, И. Б. and Холодов, А. С.},
  journal={Математическое моделирование},
  volume={2},
  number={11},
  pages={10--29},
  year={1990}
}
@article{Courant1952,
  title={On the solutions of nonlinear hyperbolic differential eqations by finite differences},
  author={Courant, R. and Isaacson, E. and Rees, M.},
  journal={Communications on Pure and Applied Mathematics},
  volume={5},
  number={5},
  pages={243--254},
  year={1952}
}
@article{Rusanov1961,
  title={Calculation of intersection of non-steady shock waves with obstacles},
  author={Rusanov, V.},
  journal={J. Comput. Math. Phys. USSR},
  volume={1},
  number={},
  pages={267--279},
  year={1961}
}
@article{Kalitkin2008,
  title={Бикомпактные схемы и слоистые среды},
  author={Калиткин, Н. Н. and Корякин, П. В.},
  journal={Докл. РАН},
  volume={419},
  number={6},
  pages={744--748},
  year={2008}
}
@book{Petuhov1964,
  title={Численный расчёт двумерных течений в пограничном слое},
  author={Петухов, И. В.},
  publisher={Сб. "Численные методы решения диффер. и интегр. ур-ний и квадратурные формулы" - М.: Изд-во АН СССР},
  pages={304--325},
  year={1964}
}
